@article{Butteworth1930,
  title   = "\en{On the Theory of Filter Amplifiers}",
  author  = "\en{S. Butterworth}",
  journal = "\en{Experimental Wireless and the Wireless Engineer}",
  year    = "\en{1930}",
  volume  = "\en{7}",
  pages   = "\en{536--541}"
}

@manual{JuceDocumentation,
  title        = "\en{JUCE Framework Documentation}",
  author       = "\en{JUCE Team}",
  organization = "\en{JUCE Foundation}",
  url = "{https://docs.juce.com/develop}"
}

@book{OpenheimAlan,
    title = "\en{Discrete Time Signal Processing Third Edition}",
    author = "\en{Openheim, Alan}",
    year = 2010,
    publisher = "\en{Upper Saddle River, NJ: Pearson Higher Education, Inc.}"
}

@misc{BilinearZTransformWeb,
  author = "\en{Nigel Redmon}",
  title = "\en{The bilinear z transform}",
  year = 2003,
  url = {https://www.earlevel.com/main/2003/03/02/the-bilinear-z-transform/}
}

@misc{CarlaApp,
  author = "\en{KXStudio}",
  title = "\en{Applications - Carla}",
  url = "{https://kx.studio/Applications:Carla}"
}

@misc{CppReferenceAuto,
    author = "\en{cppreference.com}",
    title = "\en{Placeholder type specifiers}",
    url = {https://en.cppreference.com/w/cpp/language/auto}
}

@article{VSTWiki,
    author = "\en{Wikipedia}",
    title = "\en{Virtual Studio Technology}",
    url = "{https://en.wikipedia.org/wiki/Virtual_Studio_Technology}"
}
